<?xml version="1.0" encoding="UTF-8"?>
<collection xmlns='http://www.loc.gov/MARC21/slim' xmlns:xsi='http://www.w3.org/2001/XMLSchema-instance' xsi:schemaLocation='http://www.loc.gov/MARC21/slim http://www.loc.gov/standards/marcxml/schema/MARC21slim.xsd'>
<record xmlns='http://www.loc.gov/MARC21/slim'><leader>06293ccm a2200757Ii 4500</leader><controlfield tag='005'>20190930174542.0</controlfield><controlfield tag='008'>180525t20182018nyusgl   behiz n  b zxx d</controlfield><controlfield tag='001'>991036931765703811</controlfield><datafield ind1=' ' ind2=' ' tag='020'><subfield code='a'>1491153393</subfield></datafield><datafield ind1=' ' ind2=' ' tag='020'><subfield code='a'>9781491153390</subfield></datafield><datafield ind1='1' ind2='0' tag='024'><subfield code='a'>680160910892</subfield></datafield><datafield ind1='3' ind2='2' tag='028'><subfield code='a'>PL1056</subfield><subfield code='b'>Carl Fischer</subfield></datafield><datafield ind1=' ' ind2=' ' tag='035'><subfield code='a'>(OCoLC)1042417768</subfield></datafield><datafield ind1=' ' ind2=' ' tag='040'><subfield code='a'>TDF</subfield><subfield code='b'>eng</subfield><subfield code='e'>rda</subfield><subfield code='c'>TDF</subfield><subfield code='d'>OCLCO</subfield><subfield code='d'>OCLCA</subfield><subfield code='d'>IAI</subfield></datafield><datafield ind1='0' ind2=' ' tag='041'><subfield code='g'>ger</subfield><subfield code='g'>eng</subfield></datafield><datafield ind1=' ' ind2='4' tag='050'><subfield code='a'>M38.5</subfield><subfield code='b'>.T733 2018</subfield></datafield><datafield ind1='0' ind2='0' tag='245'><subfield code='a'>Transcriptions of lieder by Franz Schubert, Robert Schumann and Clara Schumann :</subfield><subfield code='b'>for piano solo /</subfield><subfield code='c'>Franz Liszt ; compiled and edited by Nicholas Hopkins.</subfield></datafield><datafield ind1=' ' ind2='1' tag='264'><subfield code='a'>[New York] :</subfield><subfield code='b'>Carl Fischer,</subfield><subfield code='c'>[2018]</subfield></datafield><datafield ind1=' ' ind2='4' tag='264'><subfield code='c'>©2018</subfield></datafield><datafield ind1=' ' ind2=' ' tag='300'><subfield code='a'>1 score (127 pages) ;</subfield><subfield code='c'>30 cm</subfield></datafield><datafield ind1=' ' ind2=' ' tag='336'><subfield code='a'>notated music</subfield><subfield code='2'>rdacontent</subfield></datafield><datafield ind1=' ' ind2=' ' tag='337'><subfield code='a'>unmediated</subfield><subfield code='2'>rdamedia</subfield></datafield><datafield ind1=' ' ind2=' ' tag='338'><subfield code='a'>volume</subfield><subfield code='2'>rdacarrier</subfield></datafield><datafield ind1=' ' ind2=' ' tag='348'><subfield code='a'>score</subfield><subfield code='2'>rda</subfield></datafield><datafield ind1='0' ind2='1' tag='382'><subfield code='a'>piano</subfield><subfield code='n'>1</subfield><subfield code='s'>1</subfield><subfield code='2'>lcmpt</subfield></datafield><datafield ind1=' ' ind2=' ' tag='546'><subfield code='b'>Staff notation.</subfield></datafield><datafield ind1=' ' ind2=' ' tag='500'><subfield code='a'>Includes introduction in English.</subfield></datafield><datafield ind1=' ' ind2=' ' tag='504'><subfield code='a'>Includes bibliographical references.</subfield></datafield><datafield ind1='0' ind2=' ' tag='505'><subfield code='a'>Lob der Tränen : SW 557 (D. 711) -- 12 Lieder von Franz Schubert : SW 558. No. 2, Auf dem Wasser zu Singen : D. 774 ; No. 3, Du bist die Ruh : D. 776 ; No. 4, Erlkönig : D. 328 ; No. 7, Frühlingsglaube : D. 686 ; No. 8, Gretchen am Spinnrade : D. 118 -- Schwanengesang : SW 560 (D. 957). No. 7, Ständchen ; No. 12, Der Doppelgänger -- Winterreise : SW 561 (D. 911). No. 4, Die Post ; No. 6, Wasserflut ; No. 8, Der Leiermann ; No. 9, Täuschung -- Die Forelle : SW 564 (second version) (D. 550) -- Müllerlieder : SW 565 (D. 795). No. 1, Das Wandern ; No. 5, Wohin? / Franz Schubert. Widmung : (Liebeslied), SW 566 : no. 1 from Myrthen, op. 25 -- 2 Lieder SW 567. No. 1, An den Sonnenschein : no. 4 from 6 Gedichte aus dem Liederbuch eines Malers, op. 36 ; No. 2, Dem roten Röslein : no. 2 from 5 Lieder und Gesänge, op. 27 -- Frühlingsnacht : (Überm Garden durch die Lüfte), SW 568 : no. 12 from Liederkreis, op. 39 -- Provenzalisches Minnelied : SW 570 : no. 4 from Des Sängers Fluch, op. 139 / Robert Schumann. Lieder von Robert und Clara Schumann : SW 569.</subfield></datafield><datafield ind1=' ' ind2=' ' tag='546'><subfield code='a'>Some songs include superlinear words in German.</subfield></datafield><datafield ind1=' ' ind2='0' tag='650'><subfield code='a'>Piano music, Arranged.</subfield><subfield code='0'>http://id.loc.gov/authorities/subjects/sh85101791</subfield></datafield><datafield ind1=' ' ind2='7' tag='650'><subfield code='a'>Piano music, Arranged.</subfield><subfield code='2'>fast</subfield><subfield code='0'>http://id.worldcat.org/fast/1063453</subfield></datafield><datafield ind1=' ' ind2='0' tag='650'><subfield code='a'>Piano music.</subfield><subfield code='0'>http://id.loc.gov/authorities/subjects/sh85101782</subfield></datafield><datafield ind1=' ' ind2='7' tag='650'><subfield code='a'>Piano music.</subfield><subfield code='2'>fast</subfield><subfield code='0'>http://id.worldcat.org/fast/1063403</subfield></datafield><datafield ind1=' ' ind2='0' tag='650'><subfield code='a'>Songs with piano</subfield><subfield code='0'>http://id.loc.gov/authorities/subjects/sh85125211</subfield><subfield code='v'>Instrumental settings.</subfield><subfield code='0'>http://id.loc.gov/authorities/subjects/sh99001570</subfield></datafield><datafield ind1='1' ind2='7' tag='650'><subfield code='a'>Songs with piano.</subfield><subfield code='2'>fast</subfield><subfield code='0'>http://id.worldcat.org/fast/1126224</subfield></datafield><datafield ind1=' ' ind2='7' tag='655'><subfield code='a'>Art music.</subfield><subfield code='2'>lcgft</subfield><subfield code='0'>http://id.loc.gov/authorities/genreForms/gf2014026639</subfield></datafield><datafield ind1=' ' ind2='7' tag='655'><subfield code='a'>Art music.</subfield><subfield code='2'>fast</subfield><subfield code='0'>http://id.worldcat.org/fast/1920007</subfield></datafield><datafield ind1=' ' ind2='7' tag='655'><subfield code='a'>Instrumental settings.</subfield><subfield code='2'>lcgft</subfield><subfield code='0'>http://id.loc.gov/authorities/genreForms/gf2017026135</subfield></datafield><datafield ind1=' ' ind2='7' tag='655'><subfield code='a'>Instrumental settings.</subfield><subfield code='2'>fast</subfield><subfield code='0'>http://id.worldcat.org/fast/1692928</subfield></datafield><datafield ind1=' ' ind2='7' tag='655'><subfield code='a'>Arrangements (Music)</subfield><subfield code='2'>lcgft</subfield><subfield code='0'>http://id.loc.gov/authorities/genreForms/gf2014027203</subfield></datafield><datafield ind1=' ' ind2='7' tag='655'><subfield code='a'>Arrangements (Music)</subfield><subfield code='2'>fast</subfield><subfield code='0'>http://id.worldcat.org/fast/1920435</subfield></datafield><datafield ind1=' ' ind2='7' tag='655'><subfield code='a'>Scores.</subfield><subfield code='2'>lcgft</subfield><subfield code='0'>http://id.loc.gov/authorities/genreForms/gf2014027077</subfield></datafield><datafield ind1=' ' ind2='7' tag='655'><subfield code='a'>Scores.</subfield><subfield code='2'>fast</subfield><subfield code='0'>http://id.worldcat.org/fast/1692898</subfield></datafield><datafield ind1=' ' ind2='7' tag='655'><subfield code='a'>Songs.</subfield><subfield code='2'>lcgft</subfield><subfield code='0'>http://id.loc.gov/authorities/genreForms/gf2014027103</subfield></datafield><datafield ind1=' ' ind2='7' tag='655'><subfield code='a'>Songs.</subfield><subfield code='2'>fast</subfield><subfield code='0'>http://id.worldcat.org/fast/1726744</subfield></datafield><datafield ind1='2' ind2='7' tag='655'><subfield code='a'>Instrumental settings.</subfield><subfield code='2'>fast</subfield><subfield code='0'>http://id.worldcat.org/fast/1692928</subfield></datafield><datafield ind1=' ' ind2='7' tag='655'><subfield code='a'>Songs with piano.</subfield><subfield code='2'>fast</subfield><subfield code='0'>http://id.worldcat.org/fast/1726491</subfield></datafield><datafield ind1=' ' ind2='7' tag='655'><subfield code='a'>Piano music.</subfield><subfield code='2'>fast</subfield><subfield code='0'>http://id.worldcat.org/fast/1726475</subfield></datafield><datafield ind1=' ' ind2='7' tag='655'><subfield code='a'>Piano music, Arranged.</subfield><subfield code='2'>fast</subfield><subfield code='0'>http://id.worldcat.org/fast/1726477</subfield></datafield><datafield ind1='0' ind2='2' tag='730'><subfield code='i'>Container of (work):</subfield><subfield code='a'>Lieder von Robert und Clara Schumann.</subfield><subfield code='0'>http://id.loc.gov/authorities/names/no2008172558</subfield></datafield><datafield ind1='1' ind2=' ' tag='700'><subfield code='a'>Liszt, Franz,</subfield><subfield code='d'>1811-1886,</subfield><subfield code='0'>http://id.loc.gov/authorities/names/n79079048</subfield><subfield code='e'>arranger.</subfield></datafield><datafield ind1='1' ind2=' ' tag='700'><subfield code='a'>Hopkins, Nicholas,</subfield><subfield code='0'>http://id.loc.gov/authorities/names/no2002003177</subfield><subfield code='e'>editor.</subfield></datafield><datafield ind1='1' ind2='2' tag='700'><subfield code='i'>Container of (expression):</subfield><subfield code='a'>Schubert, Franz,</subfield><subfield code='d'>1797-1828.</subfield><subfield code='t'>Lob der Tränen;</subfield><subfield code='0'>http://id.loc.gov/authorities/names/no2006088672</subfield><subfield code='o'>arranged.</subfield></datafield><datafield ind1='1' ind2='2' tag='700'><subfield code='i'>Container of (expression):</subfield><subfield code='a'>Schubert, Franz,</subfield><subfield code='d'>1797-1828.</subfield><subfield code='t'>Auf dem Wasser zu singen;</subfield><subfield code='0'>http://id.loc.gov/authorities/names/n93111484</subfield><subfield code='o'>arranged.</subfield></datafield><datafield ind1='1' ind2='2' tag='700'><subfield code='i'>Container of (expression):</subfield><subfield code='a'>Schubert, Franz,</subfield><subfield code='d'>1797-1828.</subfield><subfield code='t'>Du bist die Ruh;</subfield><subfield code='0'>http://id.loc.gov/authorities/names/no98006583</subfield><subfield code='o'>arranged.</subfield></datafield><datafield ind1='1' ind2='2' tag='700'><subfield code='i'>Container of (expression):</subfield><subfield code='a'>Schubert, Franz,</subfield><subfield code='d'>1797-1828.</subfield><subfield code='t'>Erlkönig;</subfield><subfield code='o'>arranged.</subfield><subfield code='0'>http://id.loc.gov/authorities/names/no97076427</subfield></datafield><datafield ind1='1' ind2='2' tag='700'><subfield code='i'>Container of (expression):</subfield><subfield code='a'>Schubert, Franz,</subfield><subfield code='d'>1797-1828.</subfield><subfield code='t'>Frühlingsglaube;</subfield><subfield code='0'>http://id.loc.gov/authorities/names/no97020332</subfield><subfield code='o'>arranged.</subfield></datafield><datafield ind1='1' ind2='2' tag='700'><subfield code='i'>Container of (expression):</subfield><subfield code='a'>Schubert, Franz,</subfield><subfield code='d'>1797-1828.</subfield><subfield code='t'>Schwanengesang (Song cycle).</subfield><subfield code='k'>Selections;</subfield><subfield code='0'>http://id.loc.gov/authorities/names/no97072725</subfield><subfield code='o'>arranged.</subfield></datafield><datafield ind1='1' ind2='2' tag='700'><subfield code='i'>Container of (expression):</subfield><subfield code='a'>Schubert, Franz,</subfield><subfield code='d'>1797-1828.</subfield><subfield code='t'>Winterreise.</subfield><subfield code='k'>Selections;</subfield><subfield code='o'>arranged.</subfield><subfield code='0'>http://id.loc.gov/authorities/names/no2001009177</subfield></datafield><datafield ind1='1' ind2='2' tag='700'><subfield code='i'>Container of (expression):</subfield><subfield code='a'>Schubert, Franz,</subfield><subfield code='d'>1797-1828.</subfield><subfield code='t'>Forelle (Song);</subfield><subfield code='0'>http://id.loc.gov/authorities/names/n88615511</subfield><subfield code='o'>arranged.</subfield></datafield><datafield ind1='1' ind2='2' tag='700'><subfield code='i'>Container of (expression):</subfield><subfield code='a'>Schubert, Franz,</subfield><subfield code='d'>1797-1828.</subfield><subfield code='t'>Schöne Müllerin.</subfield><subfield code='k'>Selections;</subfield><subfield code='0'>http://id.loc.gov/authorities/names/no97082453</subfield><subfield code='o'>arranged.</subfield></datafield><datafield ind1='1' ind2='2' tag='700'><subfield code='i'>Container of (work):</subfield><subfield code='a'>Liszt, Franz,</subfield><subfield code='d'>1811-1886.</subfield><subfield code='t'>Liebeslied.</subfield><subfield code='0'>http://id.loc.gov/authorities/names/no2002009397</subfield></datafield><datafield ind1='1' ind2='2' tag='700'><subfield code='i'>Container of (expression):</subfield><subfield code='a'>Schumann, Robert,</subfield><subfield code='d'>1810-1856.</subfield><subfield code='t'>Gedichte,</subfield><subfield code='n'>op. 36.</subfield><subfield code='p'>An den Sonnenschein;</subfield><subfield code='0'>http://id.loc.gov/authorities/names/no96036367</subfield><subfield code='o'>arranged.</subfield></datafield><datafield ind1='1' ind2='2' tag='700'><subfield code='i'>Container of (expression):</subfield><subfield code='a'>Schumann, Robert,</subfield><subfield code='d'>1810-1856.</subfield><subfield code='t'>Lieder und Gesänge,</subfield><subfield code='n'>op. 27.</subfield><subfield code='p'>Roten Röslein;</subfield><subfield code='0'>http://id.loc.gov/authorities/names/no2002038738</subfield><subfield code='o'>arranged.</subfield></datafield><datafield ind1='1' ind2='2' tag='700'><subfield code='i'>Container of (work):</subfield><subfield code='a'>Liszt, Franz,</subfield><subfield code='d'>1811-1886.</subfield><subfield code='t'>Frühlingsnacht.</subfield><subfield code='0'>http://id.loc.gov/authorities/names/n81128616</subfield></datafield><datafield ind1='1' ind2='2' tag='700'><subfield code='i'>Container of (expression):</subfield><subfield code='a'>Schumann, Robert,</subfield><subfield code='d'>1810-1856.</subfield><subfield code='t'>Sängers Fluch.</subfield><subfield code='p'>Provenzalisches Lied;</subfield><subfield code='o'>arranged.</subfield><subfield code='0'>http://id.loc.gov/authorities/names/n2018072090</subfield></datafield><datafield ind1=' ' ind2=' ' tag='902'><subfield code='a'>MARCIVE-BF 20190703</subfield></datafield><datafield ind1=' ' ind2=' ' tag='904'><subfield code='a'>MARCIVE 20200629</subfield></datafield><datafield ind1=' ' ind2=' ' tag='979'><subfield code='a'>(OCoLC)1042417768</subfield></datafield><datafield ind1=' ' ind2=' ' tag='997'><subfield code='a'>20181220132343.0</subfield><subfield code='c'>CEP</subfield><subfield code='d'>TEU</subfield><subfield code='s'>OCLC</subfield><subfield code='e'>WCAT</subfield></datafield><datafield ind1=' ' ind2=' ' tag='ADM'><subfield code='b'>2021-03-05 12:43:18</subfield><subfield code='e'>on1042417768</subfield><subfield code='d'>MARCIVE</subfield><subfield code='f'>20190607214721.0</subfield><subfield code='a'>2018-09-28 20:43:22</subfield><subfield code='c'>false</subfield></datafield><datafield ind1='0' ind2=' ' tag='HLD'><subfield code='b'>MAIN</subfield><subfield code='c'>stacks</subfield><subfield code='h'>M38.5</subfield><subfield code='i'>.T733 2018</subfield><subfield code='8'>22433732320003811</subfield><subfield code='updated'>2018-12-20 18:26:48</subfield><subfield code='created'>2018-09-28 20:43:27</subfield></datafield><datafield ind1=' ' ind2=' ' tag='ITM'><subfield code='r'>22433732320003811</subfield><subfield code='b'>1</subfield><subfield code='h'>0</subfield><subfield code='g'>stacks</subfield><subfield code='t'>SCORE</subfield><subfield code='9'>39074031712409</subfield><subfield code='e'>stacks</subfield><subfield code='8'>23433732310003811</subfield><subfield code='a'>0</subfield><subfield code='i'>M38.5 .T733 2018</subfield><subfield code='updated'>2019-10-02 13:21:47</subfield><subfield code='q'>2018-09-28 20:43:27</subfield><subfield code='d'>MAIN</subfield><subfield code='f'>MAIN</subfield></datafield></record>