
<record xmlns='http://www.loc.gov/MARC21/slim'><leader>01995ccm a2200457Ia 4500</leader><controlfield tag='005'>20190708145547.0</controlfield><controlfield tag='008'>931231s1990    gw zzz         n    ger d</controlfield><controlfield tag='001'>991030121769703811</controlfield><datafield ind1='3' ind2='0' tag='028'><subfield code='a'>EB 8558</subfield><subfield code='b'>Breitkopf &amp; Hartel.</subfield></datafield><datafield ind1='2' ind2='0' tag='028'><subfield code='a'>Wb.2120</subfield><subfield code='b'>Breitkopf &amp; Hartel.</subfield></datafield><datafield ind1=' ' ind2=' ' tag='035'><subfield code='a'>(PPT)b64135950-01tuli_inst</subfield></datafield><datafield ind1=' ' ind2=' ' tag='035'><subfield code='a'>(OCoLC)316360388</subfield></datafield><datafield ind1=' ' ind2=' ' tag='035'><subfield code='a'>ocn316360388</subfield></datafield><datafield ind1=' ' ind2=' ' tag='035'><subfield code='a'>(OCLC)ocn316360388</subfield></datafield><datafield ind1=' ' ind2=' ' tag='040'><subfield code='a'>NLE</subfield><subfield code='b'>eng</subfield><subfield code='c'>NLE</subfield><subfield code='d'>OCLCO</subfield><subfield code='d'>OCLCQ</subfield><subfield code='d'>OCLCO</subfield><subfield code='d'>PPT</subfield></datafield><datafield ind1=' ' ind2=' ' tag='079'><subfield code='a'>ocn316360388</subfield></datafield><datafield ind1=' ' ind2=' ' tag='090'><subfield code='a'>M1620.S385</subfield><subfield code='b'>S65 1990</subfield></datafield><datafield ind1='1' ind2=' ' tag='100'><subfield code='a'>Schumann, Clara,</subfield><subfield code='d'>1819-1896.</subfield><subfield code='0'>http://id.loc.gov/authorities/names/n50003165</subfield></datafield><datafield ind1='1' ind2='0' tag='240'><subfield code='a'>Songs.</subfield><subfield code='k'>Selections</subfield><subfield code='0'>http://id.loc.gov/authorities/names/n94100269</subfield></datafield><datafield ind1='1' ind2='0' tag='245'><subfield code='a'>Samtliche Lieder fur singstimme und Klavier.</subfield><subfield code='n'>Band 1. =</subfield><subfield code='b'>Complete songs for voice and piano [Vol. 1] /</subfield><subfield code='c'>Clara Schumann ; edited by Joachim Draheim, Brigitte Hoft.</subfield></datafield><datafield ind1=' ' ind2='1' tag='264'><subfield code='a'>Wiesbaden :</subfield><subfield code='b'>Breitkopf &amp; Hartel,</subfield><subfield code='c'>[1990]</subfield></datafield><datafield ind1=' ' ind2='4' tag='264'><subfield code='c'>©1990</subfield></datafield><datafield ind1=' ' ind2=' ' tag='300'><subfield code='a'>1 score (52 pages) ;</subfield><subfield code='c'>31 cm</subfield></datafield><datafield ind1=' ' ind2=' ' tag='336'><subfield code='a'>notated music</subfield><subfield code='b'>ntm</subfield><subfield code='2'>rdacontent</subfield></datafield><datafield ind1=' ' ind2=' ' tag='337'><subfield code='a'>unmediated</subfield><subfield code='b'>n</subfield><subfield code='2'>rdamedia</subfield></datafield><datafield ind1=' ' ind2=' ' tag='338'><subfield code='a'>volume</subfield><subfield code='b'>nc</subfield><subfield code='2'>rdacarrier</subfield></datafield><datafield ind1=' ' ind2=' ' tag='348'><subfield code='a'>score</subfield><subfield code='2'>rdafnm</subfield><subfield code='0'>http://rdaregistry.info/termList/formatNoteMus/1007</subfield></datafield><datafield ind1=' ' ind2=' ' tag='500'><subfield code='a'>Contents: Op. 12, nos. 2,4 &amp; 11 ; Sechs Lieder, op. 13 ; Sechs Lieder, op. 23.</subfield></datafield><datafield ind1=' ' ind2='0' tag='650'><subfield code='a'>Songs with piano</subfield><subfield code='0'>http://id.loc.gov/authorities/subjects/sh85125211</subfield><subfield code='v'>Scores.</subfield><subfield code='0'>http://id.loc.gov/authorities/subjects/sh99001779</subfield></datafield><datafield ind1='1' ind2='7' tag='650'><subfield code='a'>Songs with piano.</subfield><subfield code='2'>fast</subfield><subfield code='0'>http://id.worldcat.org/fast/1126224</subfield></datafield><datafield ind1=' ' ind2='7' tag='655'><subfield code='a'>Scores.</subfield><subfield code='2'>lcgft</subfield><subfield code='0'>http://id.loc.gov/authorities/genreForms/gf2014027077</subfield></datafield><datafield ind1=' ' ind2='7' tag='655'><subfield code='a'>Scores.</subfield><subfield code='2'>fast</subfield><subfield code='0'>http://id.worldcat.org/fast/1692898</subfield></datafield><datafield ind1='2' ind2='7' tag='655'><subfield code='a'>Scores.</subfield><subfield code='2'>fast</subfield><subfield code='0'>http://id.worldcat.org/fast/1692898</subfield></datafield><datafield ind1=' ' ind2='7' tag='655'><subfield code='a'>Songs with piano.</subfield><subfield code='2'>fast</subfield><subfield code='0'>http://id.worldcat.org/fast/1726491</subfield></datafield><datafield ind1='1' ind2=' ' tag='700'><subfield code='a'>Draheim, Joachim.</subfield><subfield code='0'>http://id.loc.gov/authorities/names/n82005467</subfield></datafield><datafield ind1='1' ind2=' ' tag='700'><subfield code='a'>Höft, Brigitte.</subfield><subfield code='0'>http://id.loc.gov/authorities/names/n89602901</subfield></datafield><datafield ind1=' ' ind2=' ' tag='902'><subfield code='a'>170421</subfield></datafield><datafield ind1=' ' ind2=' ' tag='902'><subfield code='a'>MARCIVE-BF 20190703</subfield></datafield><datafield ind1=' ' ind2=' ' tag='904'><subfield code='a'>MARCIVE 20200629</subfield></datafield><datafield ind1=' ' ind2=' ' tag='907'><subfield code='a'>.b64135950</subfield><subfield code='b'>p    </subfield><subfield code='c'>-</subfield></datafield><datafield ind1=' ' ind2=' ' tag='945'><subfield code='l'>pstk </subfield><subfield code='g'>1</subfield></datafield><datafield ind1=' ' ind2=' ' tag='979'><subfield code='a'>ocn316360388</subfield></datafield><datafield ind1=' ' ind2=' ' tag='998'><subfield code='b'>0</subfield><subfield code='c'>170330</subfield><subfield code='d'>m</subfield><subfield code='e'>c</subfield><subfield code='f'>-</subfield><subfield code='g'>0</subfield></datafield><datafield ind1=' ' ind2=' ' tag='998'><subfield code='a'>03/30/17</subfield><subfield code='s'>CIP</subfield><subfield code='c'>cep </subfield></datafield><datafield ind1=' ' ind2=' ' tag='ADM'><subfield code='b'>2020-07-24 12:41:42</subfield><subfield code='e'>b64135950-01tuli_inst</subfield><subfield code='d'>MARCIVE</subfield><subfield code='f'>20190607193743.0</subfield><subfield code='a'>2017-06-20 11:24:08</subfield><subfield code='c'>false</subfield></datafield><datafield ind1='0' ind2=' ' tag='HLD'><subfield code='b'>ASRS</subfield><subfield code='c'>ASRS</subfield><subfield code='h'> M1620.S385 </subfield><subfield code='i'> S65 1990 </subfield><subfield code='8'>22465258880003811</subfield><subfield code='updated'>2019-05-03 21:06:16</subfield><subfield code='created'>2019-05-03 21:06:10</subfield></datafield><datafield ind1=' ' ind2=' ' tag='ITM'><subfield code='r'>22465258880003811</subfield><subfield code='b'>1</subfield><subfield code='h'>0</subfield><subfield code='g'>ASRS</subfield><subfield code='t'>SCORE</subfield><subfield code='9'>39074028016921</subfield><subfield code='e'>ASRS</subfield><subfield code='8'>23311102580003811</subfield><subfield code='a'>0</subfield><subfield code='i'>M1620.S385 S65 1990</subfield><subfield code='updated'>2020-02-18 18:28:49</subfield><subfield code='q'>2017-06-20 11:24:08</subfield><subfield code='d'>ASRS</subfield><subfield code='f'>ASRS</subfield></datafield></record>