
<record xmlns='http://www.loc.gov/MARC21/slim'><leader>03098ccm a2200625Ia 4500</leader><controlfield tag='005'>20190716121104.0</controlfield><controlfield tag='008'>100409t20102010gw sga   i     n    ger d</controlfield><controlfield tag='001'>991029649129703811</controlfield><datafield ind1=' ' ind2=' ' tag='020'><subfield code='a'>9783899481402</subfield></datafield><datafield ind1=' ' ind2=' ' tag='020'><subfield code='a'>3899481402</subfield></datafield><datafield ind1='3' ind2='2' tag='028'><subfield code='a'>24.413</subfield><subfield code='b'>Carus</subfield></datafield><datafield ind1=' ' ind2=' ' tag='035'><subfield code='a'>(PPT)b52274548-01tuli_inst</subfield></datafield><datafield ind1=' ' ind2=' ' tag='035'><subfield code='a'>(OCoLC)ocn812405587</subfield><subfield code='9'>ExL</subfield></datafield><datafield ind1=' ' ind2=' ' tag='035'><subfield code='a'>(OCoLC)606737269</subfield></datafield><datafield ind1=' ' ind2=' ' tag='035'><subfield code='a'>ocn606737269</subfield></datafield><datafield ind1=' ' ind2=' ' tag='035'><subfield code='a'>(OCLC)ocn606737269</subfield></datafield><datafield ind1=' ' ind2=' ' tag='040'><subfield code='a'>OHX</subfield><subfield code='b'>eng</subfield><subfield code='c'>OHX</subfield><subfield code='d'>RBN</subfield><subfield code='d'>CPL</subfield><subfield code='d'>TDF</subfield><subfield code='d'>PPT</subfield></datafield><datafield ind1=' ' ind2=' ' tag='048'><subfield code='a'>vj01</subfield><subfield code='a'>kb01</subfield></datafield><datafield ind1=' ' ind2='4' tag='050'><subfield code='a'>ML96.5.R44</subfield></datafield><datafield ind1=' ' ind2='7' tag='072'><subfield code='a'>M</subfield><subfield code='2'>lcco</subfield></datafield><datafield ind1=' ' ind2=' ' tag='079'><subfield code='a'>ocn606737269</subfield></datafield><datafield ind1=' ' ind2=' ' tag='090'><subfield code='a'>M1621.S38</subfield><subfield code='b'>G43 2010</subfield></datafield><datafield ind1='1' ind2=' ' tag='100'><subfield code='a'>Schumann, Robert,</subfield><subfield code='d'>1810-1856.</subfield><subfield code='0'>http://id.loc.gov/authorities/names/n50000565</subfield></datafield><datafield ind1='1' ind2='0' tag='240'><subfield code='a'>Gedichte,</subfield><subfield code='n'>op. 35.</subfield><subfield code='p'>Wer machte dich so krank?;</subfield><subfield code='0'>http://id.loc.gov/authorities/names/no95045531</subfield><subfield code='o'>arranged</subfield></datafield><datafield ind1='1' ind2='0' tag='245'><subfield code='a'>Zwei Lieder /</subfield><subfield code='c'>Robert Schumann ; bearbeitet von Max Reger für tiefe Singstimme und Orgel ; mit einem Vorwort von Susanne Popp.</subfield></datafield><datafield ind1=' ' ind2=' ' tag='250'><subfield code='a'>Faksimileausg. nach dem Autograph imienia Max-Reger-Institut Elsa-Reger-Stiftung.</subfield></datafield><datafield ind1=' ' ind2='1' tag='264'><subfield code='a'>Stuttgart :</subfield><subfield code='b'>Carus,</subfield><subfield code='c'>[2010]</subfield></datafield><datafield ind1=' ' ind2='4' tag='264'><subfield code='c'>©2010</subfield></datafield><datafield ind1=' ' ind2=' ' tag='300'><subfield code='a'>1 score (8 pages) :</subfield><subfield code='b'>portrait ;</subfield><subfield code='c'>30 cm</subfield></datafield><datafield ind1=' ' ind2=' ' tag='336'><subfield code='a'>notated music</subfield><subfield code='b'>ntm</subfield><subfield code='2'>rdacontent</subfield></datafield><datafield ind1=' ' ind2=' ' tag='337'><subfield code='a'>unmediated</subfield><subfield code='b'>n</subfield><subfield code='2'>rdamedia</subfield></datafield><datafield ind1=' ' ind2=' ' tag='338'><subfield code='a'>volume</subfield><subfield code='b'>nc</subfield><subfield code='2'>rdacarrier</subfield></datafield><datafield ind1=' ' ind2=' ' tag='348'><subfield code='a'>score</subfield><subfield code='2'>rdafnm</subfield><subfield code='0'>http://rdaregistry.info/termList/formatNoteMus/1007</subfield></datafield><datafield ind1=' ' ind2=' ' tag='500'><subfield code='a'>Facsimiles preserved in the Max-Reger-Institut/Elsa-Reger-Stiftung, Karlsruhe (Mus. Ms. 085, Mus. Ms. 178); reduced reproduction (original size: 35 x ca. 26.7 cm.; margin cropped).</subfield></datafield><datafield ind1='0' ind2='0' tag='505'><subfield code='t'>Wer machte dich so krank? : op. 35, Nr. 11 --</subfield><subfield code='t'>Alte Laute : op. 35, Nr. 12.</subfield></datafield><datafield ind1=' ' ind2='0' tag='650'><subfield code='a'>Music</subfield><subfield code='v'>Manuscripts</subfield><subfield code='v'>Facsimiles.</subfield><subfield code='0'>http://id.loc.gov/authorities/subjects/sh2008107384</subfield></datafield><datafield ind1=' ' ind2='0' tag='650'><subfield code='a'>Songs (Low voice) with organ.</subfield></datafield><datafield ind1=' ' ind2='7' tag='650'><subfield code='a'>Music</subfield><subfield code='x'>Manuscripts</subfield><subfield code='x'>Facsimiles.</subfield><subfield code='2'>fast</subfield><subfield code='0'>http://id.worldcat.org/fast/1030388</subfield></datafield><datafield ind1=' ' ind2='7' tag='655'><subfield code='a'>Songs.</subfield><subfield code='2'>lcgft</subfield><subfield code='0'>http://id.loc.gov/authorities/genreForms/gf2014027103</subfield></datafield><datafield ind1=' ' ind2='7' tag='655'><subfield code='a'>Songs.</subfield><subfield code='2'>fast</subfield><subfield code='0'>http://id.worldcat.org/fast/1726744</subfield></datafield><datafield ind1=' ' ind2='7' tag='655'><subfield code='a'>Scores.</subfield><subfield code='2'>lcgft</subfield><subfield code='0'>http://id.loc.gov/authorities/genreForms/gf2014027077</subfield></datafield><datafield ind1=' ' ind2='7' tag='655'><subfield code='a'>Scores.</subfield><subfield code='2'>fast</subfield><subfield code='0'>http://id.worldcat.org/fast/1692898</subfield></datafield><datafield ind1=' ' ind2='7' tag='655'><subfield code='a'>Facsimiles.</subfield><subfield code='2'>lcgft</subfield><subfield code='0'>http://id.loc.gov/authorities/genreForms/gf2014026099</subfield></datafield><datafield ind1=' ' ind2='7' tag='655'><subfield code='a'>Facsimiles.</subfield><subfield code='2'>fast</subfield><subfield code='0'>http://id.worldcat.org/fast/1411642</subfield></datafield><datafield ind1='1' ind2='0' tag='600'><subfield code='a'>Reger, Max,</subfield><subfield code='d'>1873-1916</subfield><subfield code='v'>Manuscripts</subfield><subfield code='v'>Facsimiles.</subfield><subfield code='0'>http://id.loc.gov/authorities/names/n79108398</subfield><subfield code='0'>http://id.loc.gov/authorities/subjects/sh2002012494</subfield></datafield><datafield ind1='1' ind2='7' tag='600'><subfield code='a'>Reger, Max,</subfield><subfield code='d'>1873-1916.</subfield><subfield code='2'>fast</subfield><subfield code='0'>http://id.worldcat.org/fast/42907</subfield></datafield><datafield ind1=' ' ind2='7' tag='600'><subfield code='a'>Reger, Max,</subfield><subfield code='d'>1873-1916.</subfield><subfield code='2'>fast</subfield><subfield code='0'>http://id.worldcat.org/fast/42907</subfield></datafield><datafield ind1='1' ind2=' ' tag='700'><subfield code='a'>Reger, Max,</subfield><subfield code='d'>1873-1916,</subfield><subfield code='e'>arranger.</subfield><subfield code='0'>http://id.loc.gov/authorities/names/n79108398</subfield></datafield><datafield ind1='1' ind2=' ' tag='700'><subfield code='a'>Popp, Susanne,</subfield><subfield code='d'>1944-</subfield><subfield code='0'>http://id.loc.gov/authorities/names/n83025607</subfield></datafield><datafield ind1='1' ind2='2' tag='700'><subfield code='a'>Schumann, Robert,</subfield><subfield code='d'>1810-1856.</subfield><subfield code='t'>Gedichte,</subfield><subfield code='n'>op. 35.</subfield><subfield code='p'>Alte Laute;</subfield><subfield code='0'>http://id.loc.gov/authorities/names/no95045534</subfield><subfield code='o'>arranged.</subfield></datafield><datafield ind1=' ' ind2=' ' tag='902'><subfield code='a'>MARCIVE-BF 20190703</subfield></datafield><datafield ind1=' ' ind2=' ' tag='904'><subfield code='a'>MARCIVE 20200629</subfield></datafield><datafield ind1=' ' ind2=' ' tag='907'><subfield code='a'>.b52274548</subfield><subfield code='b'>p    </subfield><subfield code='c'>-</subfield></datafield><datafield ind1=' ' ind2=' ' tag='945'><subfield code='l'>pstk </subfield><subfield code='g'>1</subfield></datafield><datafield ind1=' ' ind2=' ' tag='979'><subfield code='a'>ocn606737269</subfield></datafield><datafield ind1=' ' ind2=' ' tag='998'><subfield code='b'>0</subfield><subfield code='c'>120928</subfield><subfield code='d'>m</subfield><subfield code='e'>c</subfield><subfield code='f'>-</subfield><subfield code='g'>0</subfield></datafield><datafield ind1=' ' ind2=' ' tag='998'><subfield code='a'>09/28/12</subfield><subfield code='s'>OCLC</subfield><subfield code='c'>cep </subfield></datafield><datafield ind1=' ' ind2=' ' tag='ADM'><subfield code='b'>2021-03-14 10:50:38</subfield><subfield code='e'>b52274548-01tuli_inst</subfield><subfield code='d'>MARCIVE</subfield><subfield code='f'>20190608035230.0</subfield><subfield code='a'>2017-06-20 10:26:54</subfield><subfield code='c'>false</subfield></datafield><datafield ind1='0' ind2=' ' tag='HLD'><subfield code='b'>ASRS</subfield><subfield code='c'>ASRS</subfield><subfield code='h'> M1621.S38 </subfield><subfield code='i'> G43 2010 </subfield><subfield code='8'>22460711210003811</subfield><subfield code='updated'>2019-04-25 13:02:56</subfield><subfield code='created'>2019-04-25 13:02:53</subfield></datafield><datafield ind1=' ' ind2=' ' tag='ITM'><subfield code='r'>22460711210003811</subfield><subfield code='b'>1</subfield><subfield code='h'>0</subfield><subfield code='g'>ASRS</subfield><subfield code='t'>SCORE</subfield><subfield code='9'>39074027198100</subfield><subfield code='e'>ASRS</subfield><subfield code='8'>23303034790003811</subfield><subfield code='a'>0</subfield><subfield code='i'>M1621.S38 G43 2010</subfield><subfield code='updated'>2019-04-25 13:03:20</subfield><subfield code='q'>2017-06-20 10:26:54</subfield><subfield code='d'>ASRS</subfield><subfield code='f'>ASRS</subfield></datafield></record>