
<record xmlns='http://www.loc.gov/MARC21/slim'><leader>02351ncm a22006013i 4500</leader><controlfield tag='005'>20160805163530.0</controlfield><controlfield tag='006'>m|||||o||d||||||||</controlfield><controlfield tag='007'>cr |n||||||||a</controlfield><controlfield tag='007'>q|</controlfield><controlfield tag='008'>160805s1963    enksga |o||||||n|   eng d</controlfield><controlfield tag='001'>991037733379403811</controlfield><datafield ind1='2' ind2='0' tag='028'><subfield code='a'>72554</subfield><subfield code='b'>J. Curwen &amp; Sons</subfield></datafield><datafield ind1=' ' ind2=' ' tag='035'><subfield code='a'>(OCoLC)1028037887</subfield></datafield><datafield ind1=' ' ind2=' ' tag='035'><subfield code='a'>(VaAlASP)ASP2379448/shm4</subfield></datafield><datafield ind1=' ' ind2=' ' tag='040'><subfield code='a'>VaAlASP</subfield><subfield code='b'>eng</subfield><subfield code='e'>rda</subfield><subfield code='c'>VaAlASP</subfield></datafield><datafield ind1='1' ind2=' ' tag='041'><subfield code='a'>eng</subfield><subfield code='h'>ger</subfield></datafield><datafield ind1='1' ind2=' ' tag='100'><subfield code='a'>Schumann, Robert,</subfield><subfield code='d'>1810-1856</subfield><subfield code='e'>composer.</subfield></datafield><datafield ind1='1' ind2='0' tag='245'><subfield code='a'>Two Schumann duets /</subfield><subfield code='c'>English words by Laurence H. Davies ; [music by] Schumann.</subfield></datafield><datafield ind1=' ' ind2='1' tag='264'><subfield code='a'>London :</subfield><subfield code='b'>J. Curwen &amp; Sons,</subfield><subfield code='c'>[1963]</subfield></datafield><datafield ind1=' ' ind2='4' tag='264'><subfield code='c'>copyright 1963</subfield></datafield><datafield ind1=' ' ind2=' ' tag='300'><subfield code='a'>1 online resource (1 score (4 unnumbered pages))</subfield></datafield><datafield ind1=' ' ind2=' ' tag='306'><subfield code='a'>000330</subfield></datafield><datafield ind1=' ' ind2=' ' tag='336'><subfield code='a'>notated music</subfield><subfield code='b'>ntm</subfield><subfield code='2'>rdacontent</subfield></datafield><datafield ind1=' ' ind2=' ' tag='337'><subfield code='a'>unmediated</subfield><subfield code='b'>n</subfield><subfield code='2'>rdamedia</subfield></datafield><datafield ind1=' ' ind2=' ' tag='337'><subfield code='a'>computer</subfield><subfield code='b'>c</subfield><subfield code='2'>rdamedia</subfield></datafield><datafield ind1=' ' ind2=' ' tag='338'><subfield code='a'>online resource</subfield><subfield code='b'>cr</subfield><subfield code='2'>rdacarrier</subfield></datafield><datafield ind1=' ' ind2=' ' tag='347'><subfield code='a'>data file</subfield><subfield code='2'>rda</subfield></datafield><datafield ind1=' ' ind2=' ' tag='348'><subfield code='a'>score</subfield><subfield code='2'>rda</subfield></datafield><datafield ind1='0' ind2='1' tag='382'><subfield code='a'>women&apos;s chorus</subfield><subfield code='v'>SA</subfield><subfield code='e'>1</subfield><subfield code='a'>keyboard instrument</subfield><subfield code='n'>1</subfield><subfield code='r'>1</subfield><subfield code='t'>1</subfield><subfield code='2'>lcmpt</subfield></datafield><datafield ind1='0' ind2='1' tag='382'><subfield code='a'>soprano voice</subfield><subfield code='n'>1</subfield><subfield code='a'>alto voice</subfield><subfield code='n'>1</subfield><subfield code='a'>keyboard instrument</subfield><subfield code='n'>1</subfield><subfield code='s'>3</subfield><subfield code='2'>lcmpt</subfield></datafield><datafield ind1=' ' ind2=' ' tag='500'><subfield code='a'>Title from resource description page (viewed August 05, 2016).</subfield></datafield><datafield ind1=' ' ind2=' ' tag='500'><subfield code='a'>Written in 1849.</subfield></datafield><datafield ind1=' ' ind2=' ' tag='500'><subfield code='a'>For soprano and alto voice duet or SA chorus with keyboard instrument.</subfield></datafield><datafield ind1='0' ind2=' ' tag='505'><subfield code='a'>The Evening Star --The Swallows.</subfield></datafield><datafield ind1=' ' ind2=' ' tag='546'><subfield code='a'>In English; original language in German.</subfield></datafield><datafield ind1=' ' ind2=' ' tag='546'><subfield code='b'>Staff notation;</subfield><subfield code='b'>Tonic sol-fa.</subfield></datafield><datafield ind1=' ' ind2=' ' tag='590'><subfield code='a'>Access is available to the Temple Community through use of a networked computer with a Temple IP address.</subfield></datafield><datafield ind1=' ' ind2='0' tag='650'><subfield code='a'>Choruses, Secular (Women&apos;s voices, 2 parts) with piano.</subfield></datafield><datafield ind1=' ' ind2='0' tag='650'><subfield code='a'>Vocal duets with keyboard instrument.</subfield></datafield><datafield ind1=' ' ind2='7' tag='655'><subfield code='a'>Songs.</subfield><subfield code='2'>lcgft</subfield></datafield><datafield ind1=' ' ind2='7' tag='655'><subfield code='a'>Scores.</subfield><subfield code='2'>lcgft</subfield></datafield><datafield ind1='1' ind2=' ' tag='700'><subfield code='a'>Davies, Laurence H.,</subfield><subfield code='e'>arranger of music,</subfield><subfield code='e'>translator.</subfield></datafield><datafield ind1='1' ind2='2' tag='700'><subfield code='i'>Container of (expression):</subfield><subfield code='a'>Schumann, Robert,</subfield><subfield code='d'>1810-1856.</subfield><subfield code='t'>Mädchenlieder.</subfield><subfield code='p'>An den Abendstern.</subfield><subfield code='l'>English.</subfield></datafield><datafield ind1='1' ind2='2' tag='700'><subfield code='i'>Container of (expression):</subfield><subfield code='a'>Schumann, Robert,</subfield><subfield code='d'>1810-1856.</subfield><subfield code='t'>Lieder,</subfield><subfield code='n'>op. 104.</subfield><subfield code='p'>Viel Glück zur Reise, Schwalben!</subfield><subfield code='l'>English.</subfield></datafield><datafield ind1='2' ind2=' ' tag='710'><subfield code='a'>J. Curwen &amp; Sons, Ltd.,</subfield><subfield code='e'>publisher.</subfield></datafield><datafield ind1='0' ind2='8' tag='776'><subfield code='i'>Original version:</subfield><subfield code='w'>(OCoLC)810553541</subfield></datafield><datafield ind1='4' ind2='0' tag='856'><subfield code='u'>http://www.aspresolver.com/aspresolver.asp?SHM4;2379448</subfield></datafield><datafield ind1=' ' ind2=' ' tag='902'><subfield code='a'>ASP: Classical Scores Library, Vol.4 20200922</subfield></datafield><datafield ind1=' ' ind2=' ' tag='979'><subfield code='a'>ASP2379448/shm4</subfield></datafield><datafield ind1=' ' ind2=' ' tag='ADM'><subfield code='b'>2020-09-23 10:35:47</subfield><subfield code='e'>ASP2379448/shm4</subfield><subfield code='d'>ASP</subfield><subfield code='f'>20160805163530.0</subfield><subfield code='a'>2020-09-22 19:54:59</subfield><subfield code='c'>false</subfield></datafield><datafield ind1=' ' ind2=' ' tag='PRT'><subfield code='updated'>2020-09-22 19:55:19</subfield><subfield code='i'>61535118770003811</subfield><subfield code='c'>Music Online: Classical Scores Library</subfield><subfield code='created'>2020-09-22 19:55:16</subfield><subfield code='j'>62535118760003811</subfield><subfield code='a'>53535750250003811</subfield><subfield code='b'>https://sandbox01-na.alma.exlibrisgroup.com/view/uresolver/01TULI_INST/openurl?u.ignore_date_coverage=true&amp;rft.mms_id=991037733379403811</subfield><subfield code='9'>Available</subfield><subfield code='8'>53535750250003811</subfield></datafield></record>