
<record xmlns='http://www.loc.gov/MARC21/slim'><leader>03031ncm a2200625 a 4500</leader><controlfield tag='005'>20190716123834.0</controlfield><controlfield tag='008'>951208t19941994gw sga         n    ger d</controlfield><controlfield tag='001'>991034563689703811</controlfield><datafield ind1=' ' ind2=' ' tag='010'><subfield code='a'>95750851 /M</subfield></datafield><datafield ind1='2' ind2='2' tag='028'><subfield code='a'>E.D. 94093</subfield><subfield code='b'>Verlag Dohr</subfield></datafield><datafield ind1='3' ind2='0' tag='028'><subfield code='a'>94093</subfield><subfield code='b'>Verlag Dohr</subfield></datafield><datafield ind1=' ' ind2=' ' tag='035'><subfield code='a'>(PPT)b17134626-01tuli_inst</subfield></datafield><datafield ind1=' ' ind2=' ' tag='035'><subfield code='a'>(CStRLIN)ocn477130611</subfield><subfield code='9'>ExL</subfield></datafield><datafield ind1=' ' ind2=' ' tag='035'><subfield code='a'>PATG95-C00526</subfield></datafield><datafield ind1=' ' ind2=' ' tag='035'><subfield code='a'>ocm32215377</subfield></datafield><datafield ind1=' ' ind2=' ' tag='035'><subfield code='a'>(OCLC)ocm32215377</subfield></datafield><datafield ind1=' ' ind2=' ' tag='040'><subfield code='a'>PPT</subfield><subfield code='b'>eng</subfield><subfield code='c'>PPT</subfield></datafield><datafield ind1=' ' ind2=' ' tag='042'><subfield code='a'>Iccopycat</subfield></datafield><datafield ind1=' ' ind2=' ' tag='048'><subfield code='a'>vh01</subfield><subfield code='a'>ka01</subfield></datafield><datafield ind1=' ' ind2=' ' tag='048'><subfield code='a'>vi01</subfield><subfield code='a'>ka01</subfield></datafield><datafield ind1=' ' ind2=' ' tag='048'><subfield code='a'>vj01</subfield><subfield code='a'>ka01</subfield></datafield><datafield ind1=' ' ind2=' ' tag='079'><subfield code='a'>ocm32215377</subfield></datafield><datafield ind1=' ' ind2=' ' tag='090'><subfield code='a'>M1621.B25E567x 1994</subfield></datafield><datafield ind1='1' ind2=' ' tag='100'><subfield code='a'>Baur, Jürg.</subfield><subfield code='0'>http://id.loc.gov/authorities/names/n81016915</subfield></datafield><datafield ind1='1' ind2='0' tag='240'><subfield code='a'>Einsame Lieder</subfield><subfield code='n'>(1994)</subfield><subfield code='0'>http://id.loc.gov/authorities/names/no98045509</subfield></datafield><datafield ind1='1' ind2='0' tag='245'><subfield code='a'>Einsame Lieder :</subfield><subfield code='b'>für Singstimme und Klavier : (1942/43) /</subfield><subfield code='c'>Jürg Baur.</subfield></datafield><datafield ind1=' ' ind2='1' tag='264'><subfield code='a'>Köln :</subfield><subfield code='b'>Verlag Dohr,</subfield><subfield code='c'>[1994]</subfield></datafield><datafield ind1=' ' ind2='4' tag='264'><subfield code='c'>©1994</subfield></datafield><datafield ind1=' ' ind2=' ' tag='300'><subfield code='a'>1 score (26 pages) ;</subfield><subfield code='c'>30 cm</subfield></datafield><datafield ind1=' ' ind2=' ' tag='336'><subfield code='a'>notated music</subfield><subfield code='b'>ntm</subfield><subfield code='2'>rdacontent</subfield></datafield><datafield ind1=' ' ind2=' ' tag='337'><subfield code='a'>unmediated</subfield><subfield code='b'>n</subfield><subfield code='2'>rdamedia</subfield></datafield><datafield ind1=' ' ind2=' ' tag='338'><subfield code='a'>volume</subfield><subfield code='b'>nc</subfield><subfield code='2'>rdacarrier</subfield></datafield><datafield ind1=' ' ind2=' ' tag='348'><subfield code='a'>score</subfield><subfield code='2'>rdafnm</subfield><subfield code='0'>http://rdaregistry.info/termList/formatNoteMus/1007</subfield></datafield><datafield ind1=' ' ind2=' ' tag='500'><subfield code='a'>1994 revision with changes to voicings of some songs; original version also contained two songs which have since been lost.</subfield></datafield><datafield ind1=' ' ind2=' ' tag='500'><subfield code='a'>Cover title.</subfield></datafield><datafield ind1=' ' ind2=' ' tag='500'><subfield code='a'>Publisher&apos;s no.: Edition Dohr 94093.</subfield></datafield><datafield ind1=' ' ind2='0' tag='505'><subfield code='a'>Ich bin dein : (Volksweise) Mezzosopran (mittlere Stimme) und Klavier -- Schliesse mir die Augen beide : Alt (mittlere Stimme) und Klavier / [words by] Th. Storm -- Am Morgen : Bass-Bariton (mittlere Stimme) und Klavier / [words by] G. Schumann -- Die Sterne : Sopran (Tenor) und Klavier / anonym -- Kleines Lied : Alt (mittlere Stimme) und Klavier / [words by] H. Hesse -- Ecce homo : Tenor (Sopran) und Klavier / [words by] F. Nietzsche -- Das verlassene Mägdlein : Alt (mittlere Stimme) und Klavier / [words by] E. Mörike -- Ich denke dein : Mezzospran (Tenor) und Klavier / [words by] F. v.</subfield></datafield><datafield ind1='0' ind2=' ' tag='505'><subfield code='a'>Matthisson -- Sommerneige : Alt (Mezzosopran order Bariton) Klavier / [words by] J. W. v. Goethe.</subfield></datafield><datafield ind1=' ' ind2=' ' tag='546'><subfield code='a'>German words.</subfield></datafield><datafield ind1=' ' ind2='0' tag='650'><subfield code='a'>Songs with piano.</subfield><subfield code='0'>http://id.loc.gov/authorities/subjects/sh85125211</subfield></datafield><datafield ind1=' ' ind2='7' tag='650'><subfield code='a'>Songs with piano.</subfield><subfield code='2'>fast</subfield><subfield code='0'>http://id.worldcat.org/fast/1126224</subfield></datafield><datafield ind1=' ' ind2='7' tag='655'><subfield code='a'>Songs.</subfield><subfield code='2'>lcgft</subfield><subfield code='0'>http://id.loc.gov/authorities/genreForms/gf2014027103</subfield></datafield><datafield ind1=' ' ind2='7' tag='655'><subfield code='a'>Songs.</subfield><subfield code='2'>fast</subfield><subfield code='0'>http://id.worldcat.org/fast/1726744</subfield></datafield><datafield ind1=' ' ind2='7' tag='655'><subfield code='a'>Scores.</subfield><subfield code='2'>lcgft</subfield><subfield code='0'>http://id.loc.gov/authorities/genreForms/gf2014027077</subfield></datafield><datafield ind1=' ' ind2='7' tag='655'><subfield code='a'>Scores.</subfield><subfield code='2'>fast</subfield><subfield code='0'>http://id.worldcat.org/fast/1692898</subfield></datafield><datafield ind1=' ' ind2='7' tag='655'><subfield code='a'>Songs with piano.</subfield><subfield code='2'>fast</subfield><subfield code='0'>http://id.worldcat.org/fast/1726491</subfield></datafield><datafield ind1=' ' ind2=' ' tag='902'><subfield code='a'>MARCIVE-BF 20190703</subfield></datafield><datafield ind1=' ' ind2=' ' tag='904'><subfield code='a'>MARCIVE 20200629</subfield></datafield><datafield ind1=' ' ind2=' ' tag='907'><subfield code='a'>.b17134626</subfield><subfield code='b'>p    </subfield><subfield code='c'>-</subfield></datafield><datafield ind1=' ' ind2=' ' tag='935'><subfield code='a'>00776149</subfield></datafield><datafield ind1=' ' ind2=' ' tag='945'><subfield code='l'>pstk </subfield><subfield code='g'>1</subfield></datafield><datafield ind1=' ' ind2=' ' tag='950'><subfield code='l'>P</subfield><subfield code='i'>12/08/95 N</subfield></datafield><datafield ind1=' ' ind2=' ' tag='955'><subfield code='l'>P</subfield><subfield code='c'>0</subfield><subfield code='i'>12/08/95 C</subfield></datafield><datafield ind1=' ' ind2=' ' tag='979'><subfield code='a'>ocm32215377</subfield></datafield><datafield ind1=' ' ind2=' ' tag='998'><subfield code='b'>1</subfield><subfield code='c'>990101</subfield><subfield code='d'>m</subfield><subfield code='e'>c</subfield><subfield code='f'>-</subfield><subfield code='g'>0</subfield></datafield><datafield ind1=' ' ind2=' ' tag='998'><subfield code='a'>12/08/95</subfield><subfield code='t'>c</subfield><subfield code='s'>9114</subfield><subfield code='l'>PATG</subfield><subfield code='n'>PPT</subfield><subfield code='d'>12/08/95</subfield><subfield code='c'>RD</subfield><subfield code='b'>DH</subfield></datafield><datafield ind1=' ' ind2=' ' tag='ADM'><subfield code='b'>2021-03-04 23:24:31</subfield><subfield code='e'>b17134626-01tuli_inst</subfield><subfield code='d'>MARCIVE</subfield><subfield code='f'>20190608034830.0</subfield><subfield code='a'>2017-06-20 08:40:12</subfield><subfield code='c'>false</subfield></datafield><datafield ind1='0' ind2=' ' tag='HLD'><subfield code='b'>ASRS</subfield><subfield code='c'>ASRS</subfield><subfield code='h'> M1621.B25E567x 1994 </subfield><subfield code='8'>22456230620003811</subfield><subfield code='updated'>2019-04-17 11:49:37</subfield><subfield code='created'>2019-04-17 11:49:35</subfield></datafield><datafield ind1=' ' ind2=' ' tag='ITM'><subfield code='r'>22456230620003811</subfield><subfield code='b'>1</subfield><subfield code='h'>0</subfield><subfield code='g'>storage</subfield><subfield code='t'>SCORE</subfield><subfield code='9'>39074010340230</subfield><subfield code='e'>ASRS</subfield><subfield code='8'>23285079460003811</subfield><subfield code='a'>0</subfield><subfield code='i'>M1621.B25E567x 1994</subfield><subfield code='updated'>2019-08-24 13:56:47</subfield><subfield code='q'>2017-06-20 08:40:12</subfield><subfield code='d'>ASRS</subfield><subfield code='f'>MAIN</subfield></datafield></record>