
<record xmlns='http://www.loc.gov/MARC21/slim'><leader>03993ncm a2200577 a 4500</leader><controlfield tag='005'>20190715230539.0</controlfield><controlfield tag='008'>040218t20032003wiusga   bdhi  n    ger d</controlfield><controlfield tag='001'>991014573849703811</controlfield><datafield ind1=' ' ind2=' ' tag='020'><subfield code='a'>0634060309</subfield></datafield><datafield ind1='3' ind2='2' tag='028'><subfield code='a'>HL00740220</subfield><subfield code='b'>Hal Leonard</subfield></datafield><datafield ind1=' ' ind2=' ' tag='035'><subfield code='a'>(PPT)b30654403-01tuli_inst</subfield></datafield><datafield ind1=' ' ind2=' ' tag='035'><subfield code='a'>(CStRLIN)ocn491833130</subfield><subfield code='9'>ExL</subfield></datafield><datafield ind1=' ' ind2=' ' tag='035'><subfield code='a'>(NNU)NYUb13088471</subfield></datafield><datafield ind1=' ' ind2=' ' tag='035'><subfield code='a'>(OCoLC)ocm54444934</subfield></datafield><datafield ind1=' ' ind2=' ' tag='035'><subfield code='a'>PPTb30654403</subfield></datafield><datafield ind1=' ' ind2=' ' tag='035'><subfield code='a'>ocm54444934</subfield></datafield><datafield ind1=' ' ind2=' ' tag='035'><subfield code='a'>(OCLC)ocm54444934</subfield></datafield><datafield ind1=' ' ind2=' ' tag='040'><subfield code='a'>ZJS</subfield><subfield code='b'>eng</subfield><subfield code='c'>ZJS</subfield><subfield code='d'>INT</subfield><subfield code='d'>OCL</subfield><subfield code='d'>BAKER</subfield><subfield code='d'>CStRLIN</subfield></datafield><datafield ind1=' ' ind2=' ' tag='048'><subfield code='a'>vj01</subfield><subfield code='a'>ka01</subfield></datafield><datafield ind1=' ' ind2=' ' tag='079'><subfield code='a'>ocm54444934</subfield></datafield><datafield ind1=' ' ind2=' ' tag='090'><subfield code='a'>M1619</subfield><subfield code='b'>.L475x 2003</subfield></datafield><datafield ind1='0' ind2='4' tag='245'><subfield code='a'>The Lieder anthology /</subfield><subfield code='c'>edited by Virginia Saya and Richard Walters.</subfield></datafield><datafield ind1=' ' ind2=' ' tag='250'><subfield code='a'>Low voice.</subfield></datafield><datafield ind1=' ' ind2='1' tag='264'><subfield code='a'>Milwaukee, WI :</subfield><subfield code='b'>Hal Leonard,</subfield><subfield code='c'>[2003]</subfield></datafield><datafield ind1=' ' ind2='4' tag='264'><subfield code='c'>©2003</subfield></datafield><datafield ind1=' ' ind2=' ' tag='300'><subfield code='a'>1 score (264 pages) ;</subfield><subfield code='c'>28 cm</subfield></datafield><datafield ind1=' ' ind2=' ' tag='336'><subfield code='a'>notated music</subfield><subfield code='b'>ntm</subfield><subfield code='2'>rdacontent</subfield></datafield><datafield ind1=' ' ind2=' ' tag='337'><subfield code='a'>unmediated</subfield><subfield code='b'>n</subfield><subfield code='2'>rdamedia</subfield></datafield><datafield ind1=' ' ind2=' ' tag='338'><subfield code='a'>volume</subfield><subfield code='b'>nc</subfield><subfield code='2'>rdacarrier</subfield></datafield><datafield ind1=' ' ind2=' ' tag='348'><subfield code='a'>score</subfield><subfield code='2'>rdafnm</subfield><subfield code='0'>http://rdaregistry.info/termList/formatNoteMus/1007</subfield></datafield><datafield ind1=' ' ind2=' ' tag='500'><subfield code='a'>For low voice and piano.</subfield></datafield><datafield ind1=' ' ind2=' ' tag='500'><subfield code='a'>German words, also printed as text with English translation.</subfield></datafield><datafield ind1=' ' ind2=' ' tag='500'><subfield code='a'>Preface and program notes in English.</subfield></datafield><datafield ind1=' ' ind2=' ' tag='504'><subfield code='a'>Includes bibliographical references.</subfield></datafield><datafield ind1='0' ind2=' ' tag='505'><subfield code='a'>Der Kuss ; Ich liebe dich ; Sehnsucht / Ludwig van Beethoven -- Dein blaues Auge ; Die Mainacht ; Immer leiser wird mein Schlummer ; Meine Liebe ist grün ; Sonntag ; Ständchen ; Vergebliches Ständchen ; Wie Melodien zieht es mir ; Ophelia Lieder. Wie erkenn ich dein Treulieb ; Sein Leichenhemd weiss ; Auf morgen ist Sankt Valentins Tag ; Sie trugen ihn auf der Bahre bloss ; Und kommt er nicht mehr zurück / Johannes Brahms -- Aus meinen grossen Schmerzen ; Er ist gekommen ; Für Musik ; Im Herbst / Robert Franz -- Frühlingsmorgen ; Liebst du um Schönheit ; Lob des hohen Verstandes ; Wer hat dies Liedlein erdacht? / Gustav Mahler -- Laue Sommernacht / Alma Schindler Mahler -- Italien / Fanny Mendelssohn Hensel -- Der Blumenstrauss ; Neue Liebe / Felix Mendelssohn -- Abendempfindung ; Als Luise die Briefe ihres ungetreuen Liebhabers verbrannte ; Das Veilchen / Wolfgang Amadeus Mozart -- An die Musik ; Auf dem Wasser zu singen ; Der Musensohn ; Die Forelle ; Du bist die Ruh ; Gretchen am Spinnrade ; Lachen und Weinen ; Nacht und Träume ; Rastlose Liebe ; Ständchen (from Schwanengesang) / Franz Schubert -- Liebst du um Schönheit / Clara Wieck Schumann -- Der Nussbaum ; Die Lotosblume ; Du bist wie iene Blume ; Du Ring an meinen Finger ; Ich grolle nicht ; In der Fremde ; Intermezzo ; Waldesgespräch ; Widmung / Robert Schumann -- Allersellen ; Breit&apos; über mein Haupt ; Die Nacht ; Du meines Herzens Krönelein ; Ich trage meine Minne ; Morgen! ; Zueignung / Richard Strauss -- Anakreons Grab ; Auch kleine Dinge ; Auf ein altes Bild ; Der Musikant ; In dem Schatten meiner Locken ; Lebel wohl ; Verborgenheit / Hugo Wolf.</subfield></datafield><datafield ind1=' ' ind2='0' tag='650'><subfield code='a'>Songs (Low voice) with piano.</subfield><subfield code='0'>http://id.loc.gov/authorities/subjects/sh85125168</subfield></datafield><datafield ind1=' ' ind2='7' tag='650'><subfield code='a'>Songs (Low voice) with piano.</subfield><subfield code='2'>fast</subfield><subfield code='0'>http://id.worldcat.org/fast/1126173</subfield></datafield><datafield ind1=' ' ind2='7' tag='655'><subfield code='a'>Songs.</subfield><subfield code='2'>lcgft</subfield><subfield code='0'>http://id.loc.gov/authorities/genreForms/gf2014027103</subfield></datafield><datafield ind1=' ' ind2='7' tag='655'><subfield code='a'>Songs.</subfield><subfield code='2'>fast</subfield><subfield code='0'>http://id.worldcat.org/fast/1726744</subfield></datafield><datafield ind1=' ' ind2='7' tag='655'><subfield code='a'>Scores.</subfield><subfield code='2'>lcgft</subfield><subfield code='0'>http://id.loc.gov/authorities/genreForms/gf2014027077</subfield></datafield><datafield ind1=' ' ind2='7' tag='655'><subfield code='a'>Scores.</subfield><subfield code='2'>fast</subfield><subfield code='0'>http://id.worldcat.org/fast/1692898</subfield></datafield><datafield ind1='1' ind2=' ' tag='700'><subfield code='a'>Saya, Virginia.</subfield><subfield code='0'>http://id.loc.gov/authorities/names/no2004043022</subfield></datafield><datafield ind1='1' ind2=' ' tag='700'><subfield code='a'>Walters, Richard.</subfield><subfield code='0'>http://id.loc.gov/authorities/names/n87139960</subfield></datafield><datafield ind1=' ' ind2=' ' tag='902'><subfield code='a'>MARCIVE-BF 20190703</subfield></datafield><datafield ind1=' ' ind2=' ' tag='904'><subfield code='a'>MARCIVE 20190703</subfield></datafield><datafield ind1=' ' ind2=' ' tag='907'><subfield code='a'>.b30654403</subfield><subfield code='b'>p    </subfield><subfield code='c'>-</subfield></datafield><datafield ind1=' ' ind2=' ' tag='945'><subfield code='l'>pstk </subfield><subfield code='g'>1</subfield></datafield><datafield ind1=' ' ind2=' ' tag='952'><subfield code='a'>NYUGB13088471-C</subfield><subfield code='b'>New York University</subfield><subfield code='h'>Full</subfield><subfield code='i'>LCC</subfield><subfield code='n'>NNU</subfield><subfield code='r'>CAT</subfield><subfield code='u'>20060722</subfield></datafield><datafield ind1=' ' ind2=' ' tag='979'><subfield code='a'>ocm54444934</subfield></datafield><datafield ind1=' ' ind2=' ' tag='998'><subfield code='b'>0</subfield><subfield code='c'>070914</subfield><subfield code='d'>m</subfield><subfield code='e'>c</subfield><subfield code='f'>-</subfield><subfield code='g'>4</subfield></datafield><datafield ind1=' ' ind2=' ' tag='998'><subfield code='a'>09/14/07</subfield><subfield code='s'>RLIN</subfield><subfield code='c'>CDC</subfield></datafield><datafield ind1=' ' ind2=' ' tag='ADM'><subfield code='b'>2021-03-05 12:53:21</subfield><subfield code='e'>b30654403-01tuli_inst</subfield><subfield code='d'>MARCIVE</subfield><subfield code='f'>20190607213856.0</subfield><subfield code='a'>2017-06-20 12:25:07</subfield><subfield code='c'>false</subfield></datafield><datafield ind1='0' ind2=' ' tag='HLD'><subfield code='b'>ASRS</subfield><subfield code='c'>ASRS</subfield><subfield code='h'> M1619 </subfield><subfield code='i'> .L475x 2003 </subfield><subfield code='8'>22463817540003811</subfield><subfield code='updated'>2019-04-30 20:36:48</subfield><subfield code='created'>2019-04-30 20:36:45</subfield></datafield><datafield ind1=' ' ind2=' ' tag='ITM'><subfield code='r'>22463817540003811</subfield><subfield code='b'>0</subfield><subfield code='h'>0</subfield><subfield code='g'>ASRS</subfield><subfield code='t'>SCORE</subfield><subfield code='9'>39074022947246</subfield><subfield code='e'>ASRS</subfield><subfield code='8'>23318022120003811</subfield><subfield code='a'>0</subfield><subfield code='i'>M1619 .L475x 2003</subfield><subfield code='updated'>2021-01-21 15:05:16</subfield><subfield code='u'>LOAN</subfield><subfield code='q'>2017-06-20 12:25:07</subfield><subfield code='d'>ASRS</subfield><subfield code='f'>ASRS</subfield></datafield><datafield ind1=' ' ind2=' ' tag='ITM'><subfield code='r'>22463817540003811</subfield><subfield code='b'>1</subfield><subfield code='h'>0</subfield><subfield code='g'>ASRS</subfield><subfield code='t'>SCORE</subfield><subfield code='9'>39074022947238</subfield><subfield code='e'>ASRS</subfield><subfield code='8'>23318022130003811</subfield><subfield code='a'>0</subfield><subfield code='i'>M1619 .L475x 2003</subfield><subfield code='updated'>2019-04-30 20:37:16</subfield><subfield code='q'>2017-06-20 12:25:07</subfield><subfield code='d'>ASRS</subfield><subfield code='f'>ASRS</subfield></datafield></record>