
<record xmlns='http://www.loc.gov/MARC21/slim'><leader>03981ncm a2200661 a 4500</leader><controlfield tag='005'>20190716052140.0</controlfield><controlfield tag='008'>950804s1994    flusgz         n        d</controlfield><controlfield tag='001'>991034188249703811</controlfield><datafield ind1='3' ind2='2' tag='028'><subfield code='a'>EL03924</subfield><subfield code='b'>CPP/Belwin</subfield></datafield><datafield ind1=' ' ind2=' ' tag='035'><subfield code='a'>(PPT)b17039915-01tuli_inst</subfield></datafield><datafield ind1=' ' ind2=' ' tag='035'><subfield code='a'>(CStRLIN)ocn477081560</subfield><subfield code='9'>ExL</subfield></datafield><datafield ind1=' ' ind2=' ' tag='035'><subfield code='a'>PATG95-C00382</subfield></datafield><datafield ind1=' ' ind2=' ' tag='035'><subfield code='a'>ocm40316367</subfield></datafield><datafield ind1=' ' ind2=' ' tag='035'><subfield code='a'>(OCLC)ocm40316367</subfield></datafield><datafield ind1=' ' ind2=' ' tag='040'><subfield code='a'>NNC</subfield><subfield code='b'>eng</subfield><subfield code='c'>NNC</subfield><subfield code='d'>CStRLIN</subfield><subfield code='d'>PPT</subfield></datafield><datafield ind1=' ' ind2=' ' tag='048'><subfield code='a'>ka01</subfield></datafield><datafield ind1=' ' ind2=' ' tag='079'><subfield code='a'>ocm40316367</subfield></datafield><datafield ind1=' ' ind2=' ' tag='090'><subfield code='a'>M38.5.T73x 1994</subfield></datafield><datafield ind1='0' ind2='0' tag='245'><subfield code='a'>Transcriptions of famous Lieder /</subfield><subfield code='c'>[Franz Liszt] ; compiled and edited by Teresa Escandón.</subfield></datafield><datafield ind1=' ' ind2='1' tag='264'><subfield code='a'>Miami, FL :</subfield><subfield code='b'>CPP/Belwin,</subfield><subfield code='c'>1994.</subfield></datafield><datafield ind1=' ' ind2=' ' tag='300'><subfield code='a'>1 score (148 pages) :</subfield><subfield code='b'>illustrations ;</subfield><subfield code='c'>31 cm.</subfield></datafield><datafield ind1=' ' ind2=' ' tag='336'><subfield code='a'>notated music</subfield><subfield code='b'>ntm</subfield><subfield code='2'>rdacontent</subfield></datafield><datafield ind1=' ' ind2=' ' tag='337'><subfield code='a'>unmediated</subfield><subfield code='b'>n</subfield><subfield code='2'>rdamedia</subfield></datafield><datafield ind1=' ' ind2=' ' tag='338'><subfield code='a'>volume</subfield><subfield code='b'>nc</subfield><subfield code='2'>rdacarrier</subfield></datafield><datafield ind1=' ' ind2=' ' tag='348'><subfield code='a'>score</subfield><subfield code='2'>rdafnm</subfield><subfield code='0'>http://rdaregistry.info/termList/formatNoteMus/1007</subfield></datafield><datafield ind1='1' ind2=' ' tag='490'><subfield code='a'>Jorge Bolet memorial editions ;</subfield><subfield code='v'>v. 4</subfield></datafield><datafield ind1=' ' ind2=' ' tag='500'><subfield code='a'>Transcription of Ständchen / Strauss by Leopold Goldovsky; remaining transcriptions by Franz Liszt.</subfield></datafield><datafield ind1=' ' ind2=' ' tag='500'><subfield code='a'>Includes biographical sketches of Jorge Bolet and his family as well as a guide to Bolet&apos;s editorial markings and performance rules.</subfield></datafield><datafield ind1='0' ind2=' ' tag='505'><subfield code='a'>Aufenthalt ; Auf dem Wasser zu singen ; Das Wandern ; Der Lindenbaum ; Der Müller und der Bach ; Die Forelle ; Die Post ; Erlkönig / Schubert -- Frülingsnacht / Schumann -- Horch, horch! die Lerch́ ; Lebe wohl! / Schubert -- Liebeslied/Widmung / Schumann -- Lob der Tränen / Schubert -- Mädchens Wunsch ; Meine Freuden / Chopin -- Ständchen / Strauss -- Wohin? / Schubert.</subfield></datafield><datafield ind1=' ' ind2='0' tag='650'><subfield code='a'>Piano music.</subfield><subfield code='0'>http://id.loc.gov/authorities/subjects/sh85101782</subfield></datafield><datafield ind1=' ' ind2='7' tag='650'><subfield code='a'>Piano music.</subfield><subfield code='2'>fast</subfield><subfield code='0'>http://id.worldcat.org/fast/1063403</subfield></datafield><datafield ind1=' ' ind2='0' tag='650'><subfield code='a'>Songs</subfield><subfield code='v'>Instrumental settings.</subfield><subfield code='0'>http://id.loc.gov/authorities/subjects/sh2008111206</subfield></datafield><datafield ind1=' ' ind2='7' tag='650'><subfield code='a'>Songs</subfield><subfield code='x'>Instrumental settings.</subfield><subfield code='2'>fast</subfield><subfield code='0'>http://id.worldcat.org/fast/1126127</subfield></datafield><datafield ind1=' ' ind2='7' tag='655'><subfield code='a'>Songs.</subfield><subfield code='2'>lcgft</subfield><subfield code='0'>http://id.loc.gov/authorities/genreForms/gf2014027103</subfield></datafield><datafield ind1=' ' ind2='7' tag='655'><subfield code='a'>Songs.</subfield><subfield code='2'>fast</subfield><subfield code='0'>http://id.worldcat.org/fast/1726744</subfield></datafield><datafield ind1=' ' ind2='7' tag='655'><subfield code='a'>Notated music.</subfield><subfield code='2'>lcgft</subfield><subfield code='0'>http://id.loc.gov/authorities/genreForms/gf2014027184</subfield></datafield><datafield ind1=' ' ind2='7' tag='655'><subfield code='a'>Notated music.</subfield><subfield code='2'>fast</subfield><subfield code='0'>http://id.worldcat.org/fast/1920428</subfield></datafield><datafield ind1=' ' ind2='7' tag='655'><subfield code='a'>Instrumental settings.</subfield><subfield code='2'>lcgft</subfield><subfield code='0'>http://id.loc.gov/authorities/genreForms/gf2017026135</subfield></datafield><datafield ind1=' ' ind2='7' tag='655'><subfield code='a'>Instrumental settings.</subfield><subfield code='2'>fast</subfield><subfield code='0'>http://id.worldcat.org/fast/1692928</subfield></datafield><datafield ind1=' ' ind2='7' tag='655'><subfield code='a'>Piano music.</subfield><subfield code='2'>fast</subfield><subfield code='0'>http://id.worldcat.org/fast/1726475</subfield></datafield><datafield ind1='1' ind2=' ' tag='700'><subfield code='a'>Bolet, Jorge.</subfield><subfield code='0'>http://id.loc.gov/authorities/names/n82078496</subfield></datafield><datafield ind1='1' ind2=' ' tag='700'><subfield code='a'>Escandón, Teresa.</subfield><subfield code='0'>http://id.loc.gov/authorities/names/no96009371</subfield></datafield><datafield ind1='1' ind2=' ' tag='700'><subfield code='a'>Schubert, Franz,</subfield><subfield code='d'>1797-1828.</subfield><subfield code='t'>Songs.</subfield><subfield code='k'>Selections.</subfield><subfield code='0'>http://id.loc.gov/authorities/names/n81089635</subfield></datafield><datafield ind1='1' ind2=' ' tag='700'><subfield code='a'>Schumann, Robert,</subfield><subfield code='d'>1810-1856.</subfield><subfield code='t'>Liederkreis,</subfield><subfield code='n'>op. 39.</subfield><subfield code='p'>Frühlingsnacht.</subfield><subfield code='0'>http://id.loc.gov/authorities/names/n78072704</subfield></datafield><datafield ind1='1' ind2=' ' tag='700'><subfield code='a'>Schumann, Robert,</subfield><subfield code='d'>1810-1856.</subfield><subfield code='t'>Myrthen.</subfield><subfield code='p'>Widmung.</subfield><subfield code='0'>http://id.loc.gov/authorities/names/nr91009665</subfield></datafield><datafield ind1='1' ind2=' ' tag='700'><subfield code='a'>Chopin, Frédéric,</subfield><subfield code='d'>1810-1849.</subfield><subfield code='t'>Śpiewy polskie.</subfield><subfield code='p'>Życzenie.</subfield><subfield code='0'>http://id.loc.gov/authorities/names/no2002111186</subfield></datafield><datafield ind1='1' ind2=' ' tag='700'><subfield code='a'>Chopin, Frédéric,</subfield><subfield code='d'>1810-1849.</subfield><subfield code='t'>Śpiewy polskie.</subfield><subfield code='p'>Moja pieszczotka.</subfield><subfield code='0'>http://id.loc.gov/authorities/names/n80051894</subfield></datafield><datafield ind1='1' ind2=' ' tag='700'><subfield code='a'>Strauss, Richard,</subfield><subfield code='d'>1864-1949.</subfield><subfield code='t'>Songs.</subfield><subfield code='k'>Selections.</subfield><subfield code='0'>http://id.loc.gov/authorities/names/n80150415</subfield><subfield code='n'>op. 17.</subfield><subfield code='p'>Ständchen.</subfield></datafield><datafield ind1='1' ind2=' ' tag='700'><subfield code='a'>Liszt, Franz,</subfield><subfield code='d'>1811-1886.</subfield><subfield code='t'>Piano music.</subfield><subfield code='k'>Selections.</subfield><subfield code='0'>http://id.loc.gov/authorities/names/n81066333</subfield></datafield><datafield ind1='1' ind2=' ' tag='700'><subfield code='a'>Godowsky, Leopold,</subfield><subfield code='d'>1870-1938.</subfield><subfield code='t'>Ständchen.</subfield></datafield><datafield ind1=' ' ind2='0' tag='830'><subfield code='a'>Jorge Bolet memorial editions ;</subfield><subfield code='0'>http://id.loc.gov/authorities/names/no95017620</subfield><subfield code='v'>4.</subfield></datafield><datafield ind1=' ' ind2='0' tag='830'><subfield code='a'>Jorge Bolet memorial editions ;</subfield><subfield code='0'>http://id.loc.gov/authorities/names/no95017620</subfield><subfield code='v'>v. 4.</subfield></datafield><datafield ind1=' ' ind2=' ' tag='902'><subfield code='a'>MARCIVE-BF 20190703</subfield></datafield><datafield ind1=' ' ind2=' ' tag='904'><subfield code='a'>MARCIVE 20200629</subfield></datafield><datafield ind1=' ' ind2=' ' tag='907'><subfield code='a'>.b17039915</subfield><subfield code='b'>p    </subfield><subfield code='c'>-</subfield></datafield><datafield ind1=' ' ind2=' ' tag='935'><subfield code='a'>00765860</subfield></datafield><datafield ind1=' ' ind2=' ' tag='945'><subfield code='l'>pstk </subfield><subfield code='g'>1</subfield></datafield><datafield ind1=' ' ind2=' ' tag='950'><subfield code='l'>P</subfield><subfield code='i'>08/04/95 N</subfield></datafield><datafield ind1=' ' ind2=' ' tag='955'><subfield code='l'>P</subfield><subfield code='c'>0</subfield><subfield code='i'>08/04/95 C</subfield></datafield><datafield ind1=' ' ind2=' ' tag='979'><subfield code='a'>ocm40316367</subfield></datafield><datafield ind1=' ' ind2=' ' tag='998'><subfield code='b'>1</subfield><subfield code='c'>990101</subfield><subfield code='d'>m</subfield><subfield code='e'>c</subfield><subfield code='f'>-</subfield><subfield code='g'>0</subfield></datafield><datafield ind1=' ' ind2=' ' tag='998'><subfield code='a'>08/04/95</subfield><subfield code='t'>c</subfield><subfield code='s'>9115</subfield><subfield code='l'>PATG</subfield><subfield code='n'>PPT</subfield><subfield code='w'>NYCGAKK9546C</subfield><subfield code='d'>08/04/95</subfield><subfield code='c'>RD</subfield><subfield code='b'>VC</subfield></datafield><datafield ind1=' ' ind2=' ' tag='ADM'><subfield code='b'>2021-03-05 12:43:58</subfield><subfield code='e'>b17039915-01tuli_inst</subfield><subfield code='d'>MARCIVE</subfield><subfield code='f'>20190607144657.0</subfield><subfield code='a'>2017-06-20 06:44:11</subfield><subfield code='c'>false</subfield></datafield><datafield ind1='0' ind2=' ' tag='HLD'><subfield code='b'>MAIN</subfield><subfield code='c'>stacks</subfield><subfield code='h'>M38.5.T73x 1994</subfield><subfield code='8'>22253566210003811</subfield><subfield code='created'>2017-06-20 06:44:11</subfield></datafield><datafield ind1=' ' ind2=' ' tag='ITM'><subfield code='r'>22253566210003811</subfield><subfield code='b'>1</subfield><subfield code='h'>0</subfield><subfield code='g'>stacks</subfield><subfield code='t'>SCORE</subfield><subfield code='9'>39074010182459</subfield><subfield code='e'>stacks</subfield><subfield code='8'>23253566190003811</subfield><subfield code='a'>0</subfield><subfield code='i'>M38.5.T73x 1994</subfield><subfield code='updated'>2020-03-10 21:37:49</subfield><subfield code='q'>2017-06-20 06:44:11</subfield><subfield code='d'>MAIN</subfield><subfield code='f'>MAIN</subfield></datafield></record>
</collection>
